@article{trx,
  author    = {Adam Koprowski and
               Henri Binsztok},
  title     = {{TRX:} {A} formally verified parser interpreter},
  journal   = {Logical Methods in Computer Science},
  volume    = {7},
  number    = {2},
  year      = {2011},
  pages     = {1--26},
  url       = {https://doi.org/10.2168/LMCS-7(2:18)2011},
  doi       = {10.2168/LMCS-7(2:18)2011},
  timestamp = {Tue, 14 May 2019 16:31:18 +0200},
  biburl    = {https://dblp.org/rec/bib/journals/corr/abs-1105-2576},
  bibsource = {dblp computer science bibliography, https://dblp.org}
}

@inproceedings{DBLP:conf/icfp/Ford02,
  author    = {Bryan Ford},
  title     = {Packrat parsing: : Simple, powerful, lazy, linear time, functional
               pearl},
  booktitle = {Proceedings of the Seventh {ACM} {SIGPLAN} International Conference
               on Functional Programming {(ICFP} '02), Pittsburgh, Pennsylvania,
               USA, October 4-6, 2002.},
  pages     = {36--47},
  year      = {2002},
  crossref  = {DBLP:conf/icfp/2002},
  url       = {https://doi.org/10.1145/581478.581483},
  doi       = {10.1145/581478.581483},
  timestamp = {Tue, 06 Nov 2018 16:59:24 +0100},
  biburl    = {https://dblp.org/rec/bib/conf/icfp/Ford02},
  bibsource = {dblp computer science bibliography, https://dblp.org}
}

@proceedings{DBLP:conf/icfp/2002,
  editor    = {Mitchell Wand and
               Simon L. {Peyton Jones}},
  title     = {Proceedings of the Seventh {ACM} {SIGPLAN} International Conference
               on Functional Programming {(ICFP} '02), Pittsburgh, Pennsylvania,
               USA, October 4-6, 2002},
  publisher = {{ACM}},
 address = {New York, NY, USA},
  year      = {2002},
  isbn      = {1-58113-487-8},
  timestamp = {Tue, 11 Jun 2013 13:49:16 +0200},
  biburl    = {https://dblp.org/rec/bib/conf/icfp/2002},
  bibsource = {dblp computer science bibliography, https://dblp.org}
}


@inproceedings{ramananandro2019everparse,
  author    = {Tahina Ramananandro and
               Antoine Delignat{-}Lavaud and
               C{\'{e}}dric Fournet and
               Nikhil Swamy and
               Tej Chajed and
               Nadim Kobeissi and
               Jonathan Protzenko},
  title     = {EverParse: Verified secure zero-copy parsers for authenticated message
               formats},
  booktitle = {28th {USENIX} Security Symposium, {USENIX} Security 2019, Santa Clara,
               CA, USA, August 14-16, 2019},
  pages     = {1465--1482},
  year      = {2019},
  crossref  = {DBLP:conf/uss/2019},
  url       = {https://www.usenix.org/conference/usenixsecurity19/presentation/delignat-lavaud},
  timestamp = {Tue, 03 Sep 2019 16:39:56 +0200},
  biburl    = {https://dblp.org/rec/bib/conf/uss/RamananandroDFS19},
  bibsource = {dblp computer science bibliography, https://dblp.org}
}

@proceedings{DBLP:conf/uss/2019,
  editor    = {Nadia Heninger and
               Patrick Traynor},
  title     = {28th {USENIX} Security Symposium, {USENIX} Security 2019, Santa Clara,
               CA, USA, August 14-16, 2019},
  publisher = {{USENIX} Association},
  year      = {2019},
  url       = {https://www.usenix.org/conference/usenixsecurity19},
  timestamp = {Tue, 03 Sep 2019 16:37:55 +0200},
  biburl    = {https://dblp.org/rec/bib/conf/uss/2019},
  bibsource = {dblp computer science bibliography, https://dblp.org}
}



@InProceedings{conf/esop/BarthwalN09,
  title =	"Verified, executable parsing",
  author =	"Aditi Barthwal and Michael Norrish",
  bibdate =	"2018-06-26",
  bibsource =	"DBLP,
		 http://dblp.uni-trier.de/https://doi.org/10.1007/978-3-642-00590-9_12;
		 DBLP,
		 http://dblp.uni-trier.de/db/conf/esop/esop2009.html#BarthwalN09",
  booktitle =	"Programming Languages and Systems, 18th European
		 Symposium on Programming, ESOP 2009",
  publisher =	"Springer",
  year = 	"2009",
  volume =	"5502",
  editor =	"Giuseppe Castagna",
  ISBN = 	"978-3-642-00589-3",
  pages =	"160--174",
  series =	"Lecture Notes in Computer Science",
}



@InProceedings{conf/esop/JourdanPL12,
  title =	"Validating LR(1) parsers",
  author =	"Jacques-Henri Jourdan and Fran{\c c}ois Pottier and
		 Xavier Leroy",
  bibdate =	"2018-06-26",
  bibsource =	"DBLP,
		 http://dblp.uni-trier.de/https://doi.org/10.1007/978-3-642-28869-2_20;
		 DBLP,
		 http://dblp.uni-trier.de/db/conf/esop/esop2012.html#JourdanPL12",
  booktitle =	"Programming Languages and Systems - 21st European
		 Symposium on Programming, ESOP 2012, Held as Part of
		 the European Joint Conferences on Theory and Practice
		 of Software, ETAPS 2012, Tallinn, Estonia, March 24 -
		 April 1, 2012. Proceedings",
  publisher =	"Springer",
  year = 	"2012",
  volume =	"7211",
  editor =	"Helmut Seidl",
  ISBN = 	"978-3-642-28868-5",
  pages =	"397--416",
  series =	"Lecture Notes in Computer Science",
}



@inproceedings{DBLP:conf/itp/LasserCFR19,
  author    = {Sam Lasser and
               Chris Casinghino and
               Kathleen Fisher and
               Cody Roux},
  title     = {A verified {LL(1)} parser generator},
  booktitle = {10th International Conference on Interactive Theorem Proving, {ITP}
               2019, September 9-12, 2019, Portland, OR, {USA.}},
  pages     = {24:1--24:18},
  year      = {2019},
  crossref  = {DBLP:conf/itp/2019},
  url       = {https://doi.org/10.4230/LIPIcs.ITP.2019.24},
  doi       = {10.4230/LIPIcs.ITP.2019.24},
  timestamp = {Sat, 07 Sep 2019 02:31:13 +0200},
  biburl    = {https://dblp.org/rec/bib/conf/itp/LasserCFR19},
  bibsource = {dblp computer science bibliography, https://dblp.org}
}

@proceedings{DBLP:conf/itp/2019,
  editor    = {John Harrison and
               John O'Leary and
               Andrew Tolmach},
  title     = {10th International Conference on Interactive Theorem Proving, {ITP}
               2019, September 9-12, 2019, Portland, OR, {USA}},
  series    = {LIPIcs},
  volume    = {141},
  publisher = {Schloss Dagstuhl - Leibniz-Zentrum f{\"{u}}r Informatik},
  year      = {2019},
  url       = {http://www.dagstuhl.de/dagpub/978-3-95977-122-1},
  isbn      = {978-3-95977-122-1},
  timestamp = {Thu, 05 Sep 2019 14:57:59 +0200},
  biburl    = {https://dblp.org/rec/bib/conf/itp/2019},
  bibsource = {dblp computer science bibliography, https://dblp.org}
}

@book{DBLP:books/daglib/0016921,
  author    = {John E. Hopcroft and
               Rajeev Motwani and
               Jeffrey D. Ullman},
  title     = {Introduction to automata theory, languages, and computation, 3rd Edition},
  series    = {Pearson international edition},
  publisher = {Addison-Wesley},
  year      = {2007},
  isbn      = {978-0-321-47617-3},
  timestamp = {Tue, 09 Jul 2019 17:08:12 +0200},
  biburl    = {https://dblp.org/rec/bib/books/daglib/0016921},
  bibsource = {dblp computer science bibliography, https://dblp.org}
}

@article{DBLP:journals/usenix-login/BratusHHLMPS17,
  author    = {Sergey Bratus and
               Lars Hermerschmidt and
               Sven M. Hallberg and
               Michael E. Locasto and
               Falcon Momot and
               Meredith L. Patterson and
               Anna Shubina},
  title     = {Curing the vulnerable parser: Design patterns for secure input handling},
  journal   = {;login:},
  volume    = {42},
  number    = {1},
  pages     = {33--39},
  year      = {2017},
%  url       = {https://www.usenix.org/publications/login/spring2017/bratus},
  timestamp = {Tue, 18 Dec 2018 11:02:11 +0100},
  biburl    = {https://dblp.org/rec/bib/journals/usenix-login/BratusHHLMPS17},
  bibsource = {dblp computer science bibliography, https://dblp.org}
}

@book{Burge, 
        key= "Burge",
	author="William~H.~Burge",
	title="Recursive Programming Techniques",
	publisher="Addison-Wesley",
	address="Reading, MA",
	year="1975"}



@inproceedings{DBLP:conf/fp/Hutton89,
  author    = {Graham Hutton},
  title     = {Parsing Using combinators},
  booktitle = {Functional Programming, Proceedings of the 1989 Glasgow Workshop,
               21-23 August 1989, Fraserburgh, Scotland, {UK}},
  pages     = {353--370},
  year      = {1989},
  crossref  = {DBLP:conf/fp/1989},
  timestamp = {Tue, 18 Feb 2003 11:17:54 +0100},
  biburl    = {https://dblp.org/rec/bib/conf/fp/Hutton89},
  bibsource = {dblp computer science bibliography, https://dblp.org}
}

@proceedings{DBLP:conf/fp/1989,
  editor    = {Kei Davis and
               John Hughes},
  title     = {Functional Programming, Proceedings of the 1989 Glasgow Workshop,
               21-23 August 1989, Fraserburgh, Scotland, {UK}},
  series    = {Workshops in Computing},
  publisher = {Springer},
  year      = {1990},
  isbn      = {3-540-19609-9},
  timestamp = {Tue, 18 Feb 2003 11:17:54 +0100},
  biburl    = {https://dblp.org/rec/bib/conf/fp/1989},
  bibsource = {dblp computer science bibliography, https://dblp.org}
}


@article{DBLP:journals/cj/FrostL89,
  author    = {Richard~A. Frost and
               John Launchbury},
  title     = {Constructing natural language interpreters in a lazy functional language},
  journal   = {Comput. J.},
  volume    = {32},
  number    = {2},
  pages     = {108--121},
  year      = {1989},
  url       = {https://doi.org/10.1093/comjnl/32.2.108},
  doi       = {10.1093/comjnl/32.2.108},
  timestamp = {Sat, 20 May 2017 00:22:25 +0200},
  biburl    = {https://dblp.org/rec/bib/journals/cj/FrostL89},
  bibsource = {dblp computer science bibliography, https://dblp.org}
}

@Article{journals/cacm/Leroy09,
  title =	"Formal verification of a realistic compiler",
  author =	"Xavier Leroy",
  journal =	"Commun. ACM",
  year = 	"2009",
  number =	"7",
  volume =	"52",
  bibdate =	"2009-07-02",
  bibsource =	"DBLP,
		 http://dblp.uni-trier.de/db/journals/cacm/cacm52.html#Leroy09",
  pages =	"107--115",
  URL =  	"http://doi.acm.org/10.1145/1538788.1538814",
}



@inproceedings{DBLP:conf/popl/Ford04,
  author    = {Bryan Ford},
  title     = {Parsing expression grammars: A recognition-based syntactic foundation},
  booktitle = {Proceedings of the 31st {ACM} {SIGPLAN-SIGACT} Symposium on Principles
               of Programming Languages, {POPL} 2004, Venice, Italy, January 14-16,
               2004},
  pages     = {111--122},
  year      = {2004},
  crossref  = {DBLP:conf/popl/2004},
  url       = {https://doi.org/10.1145/964001.964011},
  doi       = {10.1145/964001.964011},
  timestamp = {Wed, 14 Nov 2018 10:52:34 +0100},
  biburl    = {https://dblp.org/rec/bib/conf/popl/Ford04},
  bibsource = {dblp computer science bibliography, https://dblp.org}
}

@proceedings{DBLP:conf/popl/2004,
  editor    = {Neil D. Jones and
               Xavier Leroy},
  title     = {Proceedings of the 31st {ACM} {SIGPLAN-SIGACT} Symposium on Principles
               of Programming Languages, {POPL} 2004, Venice, Italy, January 14-16,
               2004},
  publisher = {{ACM}},
  year      = {2004},
  url       = {http://dl.acm.org/citation.cfm?id=964001},
  isbn      = {1-58113-729-X},
  timestamp = {Tue, 22 May 2012 15:24:56 +0200},
  biburl    = {https://dblp.org/rec/bib/conf/popl/2004},
  bibsource = {dblp computer science bibliography, https://dblp.org}
}


@book{dragonbook,
  author    = {Alfred V. Aho and
               Ravi Sethi and
               Jeffrey D. Ullman},
  title     = {Compilers: Principles, Techniques, and Tools},
  series    = {Addison-Wesley series in computer science / World student series edition},
  publisher = {Addison-Wesley},
  year      = {1986},
  isbn      = {0-201-10088-6},
  timestamp = {Wed, 26 Apr 2017 17:48:53 +0200},
  biburl    = {https://dblp.org/rec/bib/books/aw/AhoSU86},
  bibsource = {dblp computer science bibliography, https://dblp.org}
}
@InProceedings{conf/cpp/Ridge11,
  title =	"Simple, Functional, Sound and Complete Parsing for All
		 Context-Free Grammars",
  author =	"Tom Ridge",
  bibdate =	"2017-05-25",
  bibsource =	"DBLP,
		 http://dblp.uni-trier.de/https://doi.org/10.1007/978-3-642-25379-9_10;
		 DBLP,
		 http://dblp.uni-trier.de/db/conf/cpp/cpp2011.html#Ridge11",
  booktitle =	"Certified Programs and Proofs - First International
		 Conference, CPP 2011, Kenting, Taiwan, December 7-9,
		 2011. Proceedings",
  publisher =	"Springer",
  year = 	"2011",
  volume =	"7086",
  editor =	"Jean-Pierre Jouannaud and Zhong Shao",
  ISBN = 	"978-3-642-25378-2",
  pages =	"103--118",
  series =	"Lecture Notes in Computer Science",
}

@article{DBLP:journals/pacmpl/DelawareSPYC19,
  author    = {Benjamin Delaware and
               Sorawit Suriyakarn and
               Cl{\'{e}}ment Pit{-}Claudel and
               Qianchuan Ye and
               Adam Chlipala},
  title     = {Narcissus: Correct-by-construction derivation of decoders and encoders
               from binary formats},
  journal   = {{PACMPL}},
  volume    = {3},
  number    = {{ICFP}},
  pages     = {82:1--82:29},
  year      = {2019},
  url       = {https://doi.org/10.1145/3341686},
  doi       = {10.1145/3341686},
  timestamp = {Mon, 21 Oct 2019 15:15:21 +0200},
  biburl    = {https://dblp.org/rec/bib/journals/pacmpl/DelawareSPYC19},
  bibsource = {dblp computer science bibliography, https://dblp.org}
}



@inproceedings{DBLP:conf/icfp/GeestS17,
  author    = {Marcell van Geest and
               Wouter Swierstra},
  title     = {Generic packet descriptions: verified parsing and pretty printing
               of low-level data},
  booktitle = {Proceedings of the 2nd {ACM} {SIGPLAN} International Workshop on Type-Driven
               Development, TyDe@ICFP 2017, Oxford, UK, September 3, 2017},
  pages     = {30--40},
  year      = {2017},
  crossref  = {DBLP:conf/icfp/2017tyde},
  url       = {https://doi.org/10.1145/3122975.3122979},
  doi       = {10.1145/3122975.3122979},
  timestamp = {Tue, 11 Dec 2018 18:39:22 +0100},
  biburl    = {https://dblp.org/rec/bib/conf/icfp/GeestS17},
  bibsource = {dblp computer science bibliography, https://dblp.org}
}

@proceedings{DBLP:conf/icfp/2017tyde,
  editor    = {Sam Lindley and
               Brent A. Yorgey},
  title     = {Proceedings of the 2nd {ACM} {SIGPLAN} International Workshop on Type-Driven
               Development, TyDe@ICFP 2017, Oxford, UK, September 3, 2017},
  publisher = {{ACM}},
  year      = {2017},
  url       = {http://dl.acm.org/citation.cfm?id=3122975},
  isbn      = {978-1-4503-5183-6},
  timestamp = {Tue, 11 Dec 2018 18:38:52 +0100},
  biburl    = {https://dblp.org/rec/bib/conf/icfp/2017tyde},
  bibsource = {dblp computer science bibliography, https://dblp.org}
}



@inproceedings{DBLP:conf/cav/TullsenPCT18,
  author    = {Mark Tullsen and
               Lee Pike and
               Nathan Collins and
               Aaron Tomb},
  title     = {Formal verification of a Vehicle-to-Vehicle {(V2V)} messaging system},
  booktitle = {Computer Aided Verification - 30th International Conference, {CAV}
               2018, Held as Part of the Federated Logic Conference, FloC 2018, Oxford,
               UK, July 14-17, 2018, Proceedings, Part {II}},
  pages     = {413--429},
  year      = {2018},
  crossref  = {DBLP:conf/cav/2018-2},
  url       = {https://doi.org/10.1007/978-3-319-96142-2\_25},
  doi       = {10.1007/978-3-319-96142-2\_25},
  timestamp = {Tue, 14 May 2019 10:00:43 +0200},
  biburl    = {https://dblp.org/rec/bib/conf/cav/TullsenPCT18},
  bibsource = {dblp computer science bibliography, https://dblp.org}
}

@proceedings{DBLP:conf/cav/2018-2,
  editor    = {Hana Chockler and
               Georg Weissenbacher},
  title     = {Computer Aided Verification - 30th International Conference, {CAV}
               2018, Held as Part of the Federated Logic Conference, FloC 2018, Oxford,
               UK, July 14-17, 2018, Proceedings, Part {II}},
  series    = {Lecture Notes in Computer Science},
  volume    = {10982},
  publisher = {Springer},
  year      = {2018},
  url       = {https://doi.org/10.1007/978-3-319-96142-2},
  doi       = {10.1007/978-3-319-96142-2},
  isbn      = {978-3-319-96141-5},
  timestamp = {Tue, 14 May 2019 10:00:43 +0200},
  biburl    = {https://dblp.org/rec/bib/conf/cav/2018-2},
  bibsource = {dblp computer science bibliography, https://dblp.org}
}

@inproceedings{DBLP:conf/cpp/YeD19,
  author    = {Qianchuan Ye and
               Benjamin Delaware},
  title     = {A verified protocol buffer compiler},
  booktitle = {Proceedings of the 8th {ACM} {SIGPLAN} International Conference on
               Certified Programs and Proofs, {CPP} 2019, Cascais, Portugal, January
               14-15, 2019},
  pages     = {222--233},
  year      = {2019},
  crossref  = {DBLP:conf/cpp/2019},
  url       = {https://doi.org/10.1145/3293880.3294105},
  doi       = {10.1145/3293880.3294105},
  timestamp = {Fri, 04 Jan 2019 10:46:45 +0100},
  biburl    = {https://dblp.org/rec/bib/conf/cpp/YeD19},
  bibsource = {dblp computer science bibliography, https://dblp.org}
}

@proceedings{DBLP:conf/cpp/2019,
  editor    = {Assia Mahboubi and
               Magnus O. Myreen},
  title     = {Proceedings of the 8th {ACM} {SIGPLAN} International Conference on
               Certified Programs and Proofs, {CPP} 2019, Cascais, Portugal, January
               14-15, 2019},
  publisher = {{ACM}},
  year      = {2019},
  url       = {https://dl.acm.org/citation.cfm?id=3293880},
  isbn      = {978-1-4503-6222-1},
  timestamp = {Fri, 04 Jan 2019 10:45:31 +0100},
  biburl    = {https://dblp.org/rec/bib/conf/cpp/2019},
  bibsource = {dblp computer science bibliography, https://dblp.org}
}


@article{DBLP:journals/jar/TanM18,
  author    = {Gang Tan and
               Greg Morrisett},
  title     = {Bidirectional grammars for machine-code decoding and encoding},
  journal   = {J. Autom. Reasoning},
  volume    = {60},
  number    = {3},
  pages     = {257--277},
  year      = {2018},
  url       = {https://doi.org/10.1007/s10817-017-9429-1},
  doi       = {10.1007/s10817-017-9429-1},
  timestamp = {Thu, 15 Feb 2018 17:56:05 +0100},
  biburl    = {https://dblp.org/rec/bib/journals/jar/TanM18},
  bibsource = {dblp computer science bibliography, https://dblp.org}
}




@inproceedings{DBLP:conf/sblp/LopesRC16,
  author    = {Raul Lopes and
               Rodrigo Geraldo Ribeiro and
               Carlos Camar{\~{a}}o},
  title     = {Certified derivative-based parsing of regular expressions},
  booktitle = {Programming Languages - 20th Brazilian Symposium, {SBLP} 2016, Maring{\'{a}},
               Brazil, September 22-23, 2016, Proceedings},
  pages     = {95--109},
  year      = {2016},
  crossref  = {DBLP:conf/sblp/2016},
  url       = {https://doi.org/10.1007/978-3-319-45279-1\_7},
  doi       = {10.1007/978-3-319-45279-1\_7},
  timestamp = {Tue, 14 May 2019 10:00:55 +0200},
  biburl    = {https://dblp.org/rec/bib/conf/sblp/LopesRC16},
  bibsource = {dblp computer science bibliography, https://dblp.org}
}

@proceedings{DBLP:conf/sblp/2016,
  editor    = {Fernando Castor and
               Yu David Liu},
  title     = {Programming Languages - 20th Brazilian Symposium, {SBLP} 2016, Maring{\'{a}},
               Brazil, September 22-23, 2016, Proceedings},
  series    = {Lecture Notes in Computer Science},
  volume    = {9889},
  publisher = {Springer},
  year      = {2016},
  url       = {https://doi.org/10.1007/978-3-319-45279-1},
  doi       = {10.1007/978-3-319-45279-1},
  isbn      = {978-3-319-45278-4},
  timestamp = {Tue, 14 May 2019 10:00:55 +0200},
  biburl    = {https://dblp.org/rec/bib/conf/sblp/2016},
  bibsource = {dblp computer science bibliography, https://dblp.org}
}



@inproceedings{DBLP:conf/pldi/MorrisettTTTG12,
  author    = {Greg Morrisett and
               Gang Tan and
               Joseph Tassarotti and
               Jean{-}Baptiste Tristan and
               Edward Gan},
  title     = {RockSalt: Better, faster, stronger {SFI} for the x86},
  booktitle = {{ACM} {SIGPLAN} Conference on Programming Language Design and Implementation,
               {PLDI} '12, Beijing, China - June 11 - 16, 2012},
  pages     = {395--404},
  year      = {2012},
  crossref  = {DBLP:conf/pldi/2012},
  url       = {https://doi.org/10.1145/2254064.2254111},
  doi       = {10.1145/2254064.2254111},
  timestamp = {Tue, 06 Nov 2018 16:59:30 +0100},
  biburl    = {https://dblp.org/rec/bib/conf/pldi/MorrisettTTTG12},
  bibsource = {dblp computer science bibliography, https://dblp.org}
}

@proceedings{DBLP:conf/pldi/2012,
  editor    = {Jan Vitek and
               Haibo Lin and
               Frank Tip},
  title     = {{ACM} {SIGPLAN} Conference on Programming Language Design and Implementation,
               {PLDI} '12, Beijing, China - June 11 - 16, 2012},
  publisher = {{ACM}},
  year      = {2012},
  url       = {http://dl.acm.org/citation.cfm?id=2254064},
  isbn      = {978-1-4503-1205-9},
  timestamp = {Tue, 12 Jun 2012 19:17:55 +0200},
  biburl    = {https://dblp.org/rec/bib/conf/pldi/2012},
  bibsource = {dblp computer science bibliography, https://dblp.org}
}

@article{DBLP:journals/corr/BernardyJ16,
  author    = {Jean{-}Philippe Bernardy and
               Patrik Jansson},
  title     = {Certified context-free parsing: {A} formalisation of {Valiant's} algorithm
               in Agda},
  journal   = {Logical Methods in Computer Science},
  volume    = {12},
  number    = {2},
  pages     = {1--28},
  year      = {2016},
  url       = {https://doi.org/10.2168/LMCS-12(2:6)2016},
  doi       = {10.2168/LMCS-12(2:6)2016},
  timestamp = {Mon, 16 Sep 2019 14:48:18 +0200},
  biburl    = {https://dblp.org/rec/bib/journals/corr/BernardyJ16},
  bibsource = {dblp computer science bibliography, https://dblp.org}
}


@inproceedings{DBLP:conf/tphol/BoveDN09,
  author    = {Ana Bove and
               Peter Dybjer and
               Ulf Norell},
  title     = {A brief overview of {Agda} - {A} functional language with dependent
               types},
  booktitle = {Theorem Proving in Higher Order Logics, 22nd International Conference,
               TPHOLs 2009, Munich, Germany, August 17-20, 2009. Proceedings},
  pages     = {73--78},
  year      = {2009},
  crossref  = {DBLP:conf/tphol/2009},
  url       = {https://doi.org/10.1007/978-3-642-03359-9\_6},
  doi       = {10.1007/978-3-642-03359-9\_6},
  timestamp = {Tue, 14 May 2019 10:00:48 +0200},
  biburl    = {https://dblp.org/rec/bib/conf/tphol/BoveDN09},
  bibsource = {dblp computer science bibliography, https://dblp.org}
}

@proceedings{DBLP:conf/tphol/2009,
  editor    = {Stefan Berghofer and
               Tobias Nipkow and
               Christian Urban and
               Makarius Wenzel},
  title     = {Theorem Proving in Higher Order Logics, 22nd International Conference,
               TPHOLs 2009, Munich, Germany, August 17-20, 2009. Proceedings},
  series    = {Lecture Notes in Computer Science},
  volume    = {5674},
  publisher = {Springer},
  year      = {2009},
  url       = {https://doi.org/10.1007/978-3-642-03359-9},
  doi       = {10.1007/978-3-642-03359-9},
  isbn      = {978-3-642-03358-2},
  timestamp = {Tue, 14 May 2019 10:00:48 +0200},
  biburl    = {https://dblp.org/rec/bib/conf/tphol/2009},
  bibsource = {dblp computer science bibliography, https://dblp.org}
}



@inproceedings{DBLP:conf/popl/KumarMNO14,
  author    = {Ramana Kumar and
               Magnus O. Myreen and
               Michael Norrish and
               Scott Owens},
  title     = {CakeML: A verified implementation of {ML}},
  booktitle = {The 41st Annual {ACM} {SIGPLAN-SIGACT} Symposium on Principles of
               Programming Languages, {POPL} '14, San Diego, CA, USA, January 20-21,
               2014},
  pages     = {179--192},
  year      = {2014},
  crossref  = {DBLP:conf/popl/2014},
  url       = {https://doi.org/10.1145/2535838.2535841},
  doi       = {10.1145/2535838.2535841},
  timestamp = {Tue, 06 Nov 2018 11:07:43 +0100},
  biburl    = {https://dblp.org/rec/bib/conf/popl/KumarMNO14},
  bibsource = {dblp computer science bibliography, https://dblp.org}
}

@proceedings{DBLP:conf/popl/2014,
  editor    = {Suresh Jagannathan and
               Peter Sewell},
  title     = {The 41st Annual {ACM} {SIGPLAN-SIGACT} Symposium on Principles of
               Programming Languages, {POPL} '14, San Diego, CA, USA, January 20-21,
               2014},
  publisher = {{ACM}},
  year      = {2014},
  url       = {http://dl.acm.org/citation.cfm?id=2535838},
  isbn      = {978-1-4503-2544-8},
  timestamp = {Thu, 09 Jan 2014 08:21:22 +0100},
  biburl    = {https://dblp.org/rec/bib/conf/popl/2014},
  bibsource = {dblp computer science bibliography, https://dblp.org}
}

@article{DBLP:journals/jfp/Brady13,
  author    = {Edwin Brady},
  title     = {Idris, a general-purpose dependently typed programming language: Design
               and implementation},
  journal   = {J. Funct. Program.},
  volume    = {23},
  number    = {5},
  pages     = {552--593},
  year      = {2013},
  url       = {https://doi.org/10.1017/S095679681300018X},
  doi       = {10.1017/S095679681300018X},
  timestamp = {Wed, 25 Sep 2019 17:56:11 +0200},
  biburl    = {https://dblp.org/rec/bib/journals/jfp/Brady13},
  bibsource = {dblp computer science bibliography, https://dblp.org}
}





@inproceedings{DBLP:conf/tap/DutleMNB15,
  author    = {Aaron Dutle and
               C{\'{e}}sar A. Mu{\~{n}}oz and
               Anthony Narkawicz and
               Ricky W. Butler},
  title     = {Software validation via model animation},
  booktitle = {Tests and Proofs - 9th International Conference, {TAP} 2015, Held
               as Part of {STAF} 2015, L'Aquila, Italy, July 22-24, 2015. Proceedings},
  pages     = {92--108},
  year      = {2015},
  crossref  = {DBLP:conf/tap/2015},
  url       = {https://doi.org/10.1007/978-3-319-21215-9\_6},
  doi       = {10.1007/978-3-319-21215-9\_6},
  timestamp = {Tue, 14 May 2019 10:00:44 +0200},
  biburl    = {https://dblp.org/rec/bib/conf/tap/DutleMNB15},
  bibsource = {dblp computer science bibliography, https://dblp.org}
}

@proceedings{DBLP:conf/tap/2015,
  editor    = {Jasmin Christian Blanchette and
               Nikolai Kosmatov},
  title     = {Tests and Proofs - 9th International Conference, {TAP} 2015, Held
               as Part of {STAF} 2015, L'Aquila, Italy, July 22-24, 2015. Proceedings},
  series    = {Lecture Notes in Computer Science},
  volume    = {9154},
  publisher = {Springer},
  year      = {2015},
  url       = {https://doi.org/10.1007/978-3-319-21215-9},
  doi       = {10.1007/978-3-319-21215-9},
  isbn      = {978-3-319-21214-2},
  timestamp = {Tue, 14 May 2019 10:00:44 +0200},
  biburl    = {https://dblp.org/rec/bib/conf/tap/2015},
  bibsource = {dblp computer science bibliography, https://dblp.org}
}

@article{Owre95:prolegomena,
	AUTHOR = {Sam Owre and John Rushby and Natarajan Shankar and
		Friedrich von Henke},
	TITLE = {Formal Verification for Fault-Tolerant Architectures:
		Prolegomena to the Design of {PVS}},
	JOURNAL = ieeetse,
	VOLUME = 21,
	NUMBER = 2,
	PAGES = {107--125},
	MONTH = feb,
	YEAR = 1995,
	NOTE = {{PVS} home page: \url{http://pvs.csl.sri.com}}
}

@inproceedings{csmith,
author={Xuejun Yang and Yang Chen and  Eric Eide and John Regehr},
title={Finding and Understanding Bugs in {C} Compilers},
booktitle = {PLDI'11},
year={2011},
publisher={ACM},
pages = {283--294},
}

@book{GruneJacobs, 
  title = {Parsing Techniques (Second Edition)},
  author = { Dick Grune and Ceriel J.H. Jacobs},
  publisher = {Springer},
  year = {2008}}

@article{carvalho2014heartbleed,
  title={Heartbleed 101},
  author={Carvalho, Marco and DeMott, Jared and Ford, Richard and Wheeler, David A},
  journal={IEEE security \& privacy},
  volume={12},
  number={4},
  pages={63--67},
  year={2014},
  publisher={IEEE}
}

@article{SIGRed,
  title = {{SIGRed} - Resolving Your Way into Domain Admin: Exploiting a 17 Year-old Bug in {Windows DNS} Servers},
  author = {Sagi Tzadik},
  url= {https://research.checkpoint.com/2020/resolving-your-way-into-domain-admin-exploiting-a-17-year-old-bug-in-windows-dns-servers/},
  month = {July},
  year = {2020},
  publisher = {Checkpoint Research}}

@article{sigred-wired,
    author={Greenberg, Andy},
    title={{Hack Brief: Microsoft Warns of a 17-Year-Old `Wormable’ Bug}},
    journal={Wired},
    month={July},
    day={14},
    year={2020}
}

@article{earley1970efficient,
  title={An efficient context-free parsing algorithm},
  author={Earley, Jay},
  journal={Communications of the ACM},
  volume={13},
  number={2},
  pages={94--102},
  year={1970},
  publisher={ACM New York, NY, USA}
}

@article{aycock2002practical,
  title={Practical earley parsing},
  author={Aycock, John and Horspool, R Nigel},
  journal={The Computer Journal},
  volume={45},
  number={6},
  pages={620--630},
  year={2002},
  publisher={OUP}
}

@article{shieber1995principles,
  title={Principles and implementation of deductive parsing},
  author={Shieber, Stuart M and Schabes, Yves and Pereira, Fernando CN},
  journal={The Journal of logic programming},
  volume={24},
  number={1-2},
  pages={3--36},
  year={1995},
  publisher={Elsevier}
}

@inproceedings{pereira1983parsing,
  title={Parsing as deduction},
  author={Pereira, Fernando CN and Warren, David HD},
  booktitle={21st Annual Meeting of the Association for Computational Linguistics},
  pages={137--144},
  year={1983}
}

@inproceedings{kay1986algorithm,
  title={Algorithm schemata and data structures in syntactic processing},
  author={Kay, M},
  booktitle={Readings in natural language processing},
  pages={35--70},
  year={1986},
  organization={Morgan Kaufmann Publishers Inc.}
}

@article{loff2020computational,
  title={The computational power of parsing expression grammars},
  author={Loff, Bruno and Moreira, Nelma and Reis, Rog{\'e}rio},
  journal={Journal of Computer and System Sciences},
  year={2020},
  publisher={Elsevier}
}

@inproceedings{mundkurparsley,
  title={The Parsley Data Format Definition Language},
  author={Mundkur, Prashanth and Briesemeister, Linda and Shankar, Natarajan and Anantharaman, Prashant and Ali, Sameed and Lucas, Zephyr and Smith, Sean},
  booktitle = {Proceedings of the Sixth LangSec Workshop},
  editors = {Gang Tan and Sergey Bratus},
  year = {2020},
  url = {http://spw20.langsec.org/}
}

@inproceedings{blaudeau2020verified,
  title={A Verified Packrat parser interpreter for {Parsing Expression Grammars}},
  author={Blaudeau, Clement and Shankar, Natarajan},
  booktitle={Proceedings of the 9th ACM SIGPLAN International Conference on Certified Programs and Proofs},
  pages={3--17},
  year={2020}
}

@inproceedings{blanchette2010nitpick,
  title={Nitpick: A counterexample generator for higher-order logic based on a relational model finder},
  author={Blanchette, Jasmin Christian and Nipkow, Tobias},
  booktitle={International conference on interactive theorem proving},
  pages={131--146},
  year={2010},
  organization={Springer}
}

@Book{Jackson2006:book,
  author =	"Daniel Jackson",
  title =	"Software Abstractions: Logic, Language, and
		 Analysis",
  publisher =	"MIT Press",
  year = 	"2006",
}

@inproceedings{padon2016ivy,
  title={Ivy: Safety verification by interactive generalization},
  author={Padon, Oded and McMillan, Kenneth L and Panda, Aurojit and Sagiv, Mooly and Shoham, Sharon},
  booktitle={Proceedings of the 37th ACM SIGPLAN Conference on Programming Language Design and Implementation},
  pages={614--630},
  year={2016}
}
